% CONTIKI

    @MISC{ipv6ready-db,
		author = "IPv6 Forum",
		title = "{IPv6 Ready Logo Program Approved List [online]}",
		year = "2012 [cit.~2012-01-27]",
		howpublished = "{\url{https://www.ipv6ready.org/db/index.php/public}}",
	}

	@MISC{contiki-docs,
		author = "Adam Dunkels",
		title = "{Contiki OS Documentation [online]}",
		year = "2011 [cit.~2011-12-26]",
		howpublished = "{\url{http://www.sics.se/~adam/contiki/docs/}}",
		note = "Documentation can also be generated from Contiki source code",
	}
	
	@MISC{contiki-wiki-timers,
		author = "Adam Dunkels",
		title = "{Contiki OS Wiki - Timers [online]}",
		year = "2011 [cit.~2012-04-13]",
		howpublished = "{\url{http://www.sics.se/contiki/wiki/index.php/Timers}}",
	}
	
	@MISC{contiki-wiki-processes,
		author = "Adam Dunkels",
		title = "{Contiki OS Wiki - Processes [online]}",
		year = "2011 [cit.~2012-04-23]",
		howpublished = "{\url{http://www.sics.se/contiki/wiki/index.php/Processes}}",
	}
	
	@MISC{contiki-wiki-faq,
		author = "Adam Dunkels and David Kopf and Ricklef Wohlers",
		title = "{Contiki OS Wiki - FAQ [online]}",
		year = "2011 [cit.~2012-01-20]",
		howpublished = "{\url{http://www.sics.se/contiki/wiki/index.php/FAQ}}",
	}
		
	@MISC{adam-protothreads,
		author = "Adam Dunkels",
		title = "{Protothreads - Lightweight, Stackless Threads in C [online]}",
		year = "2011 [cit.~2012-01-18]",
		howpublished = "{\url{http://www.sics.se/~adam/pt/examples.html}}",
	}
	
	@MISC{paper-contiki,
		author = "Adam Dunkels and Björn Grönvall and Thiemo Voigt",
		title = "{Contiki - a Lightweight and Flexible Operating System for Tiny Networked Sensors [online]}",
		year = "2004 [cit.~2012-01-28]",
		howpublished = "{\url{http://www.sics.se/~adam/dunkels04contiki.pdf}}",
	}
	
	@MISC{paper-protothreads,
		author = "Adam Dunkels and Oliver Schmidt and Thiemo Voigt and Muneeb Ali",
		title = "{Protothreads: Simplifying Event-Driven Programming of Memory-Constrained Embedded Systems [online]}",
		year = "2006 [cit.~2012-01-19]",
		howpublished = "{\url{http://www.sics.se/~adam/dunkels06protothreads.pdf}}",
	}
	
	@MISC{paper-rime,
		author = "Adam Dunkels",
		title = "{Poster Abstract Rime A Lightweight Layered Communication Stack for Sensor Networks [online]}",
		year = "2007 [cit.~2012-01-24]",
		howpublished = "{\url{http://www.sics.se/~adam/dunkels07rime.pdf}}",
	}

	@PHDTHESIS{thesis-programming,
		author =       "Adam Dunkels",
		title =        "{Programming Memory-Constrained Networked Embedded Systems}",
		publisher =    "Swedish Institute of Computer Science, Stockholm, Sweden",
		year =         "2007",
    }
    
    @THESIS{thesis-towards,
		author =       "Adam Dunkels",
		title =        "{Towards TCP/IP for Wireless Sensor Networks}",
		publisher =    "Swedish Institute of Computer Science, Stockholm, Sweden",
		year =         "2005",
    }
    
    @MISC{video,
		author = "Miha Smolnikar and Erik Pertovt",
		title = "{Porting Contiki OS to VSN [online]}",
		year = "2010 [cit.~2012-02-01]",
		howpublished = "{\url{http://videolectures.net/wsn2010_smolnikar_pcos/}}",
	}
	
	@MISC{posix,
		author = "IEEE Computer Society and Open Group",
		title = "{IEEE Std 1003.1-2008 (POSIX.1-2008) [online]}",
		year = "2008 [cit.~2012-02-01]",
		howpublished = "{\url{http://pubs.opengroup.org/onlinepubs/9699919799/}}",
	}

	@BOOK{interconnecting,
		author = "Jean-Phillipe Vasseur, Adam Dunkels",
		title = "Interconnecting Smarts Objects with IP: The Next Internet",
		publisher = "Morgan Kaufmann Publishers",
		year = "2010",
		note = "ISBN~978-0-12-375165-2",
	}
   
% NTP

	@MISC{rfc4330,
      author =       "D. Mills",
      title =        "{RFC 4330: Simple Network Time Protocol (SNTP) Version 4 for IPv4, IPv6 and OSI [online]}",
      year =         "2006 [cit.~2012-01-28]",
      howpublished = "{\url{http://www.rfc-editor.org/rfc/rfc4330.txt}}",
    }

	@MISC{rfc5905,
      author =       "D. Mills and J. Martin and J. Burbank and W. Kasch",
      title =        "{RFC 5905: Network Time Protocol Version 4: Protocol and Algorithms Specification [online]}",
      year =         "2010 [cit.~2012-01-18]",
      howpublished = "{\url{http://www.rfc-editor.org/rfc/rfc5905.txt}}",
    }

	@MISC{ianna-ports,
      author =       "Internet Assigned Numbers Authority",
      title =        "{Service Name and Transport Protocol Port Number Registry [online]}",
      year =         "2012 [cit.~2012-01-23]",
      howpublished = "{\url{http://www.iana.org/assignments/port-numbers}}",
    }
    
    @MISC{ntp-overview,
      author =       "D. Mills",
      title =        "{Service Name and Transport Protocol Port Number Registry [online]}",
      year =         "2004 [cit.~2012-01-29]",
      howpublished = "{\url{http://www.eecis.udel.edu/~mills/database/brief/overview/overview.pdf}}",
    }
    
    @MISC{ntp-leap,
      author =       "D. Mills",
      title =        "{The NTP Timescale and Leap Seconds [online]}",
      year =         "2012 [cit.~2012-02-01]",
      howpublished = "{\url{http://www.eecis.udel.edu/~mills/leap.html}}",
    }
    
    @MISC{ntp-precision,
      author =       "D. Mills",
      title =        "{Precision Time Synchronization [online]}",
      year =         "2012 [cit.~2012-05-10]",
      howpublished = "{\url{http://www.eecis.udel.edu/~mills/precision.html}}",
    }

	@MISC{ntp-algor,
      author =       "D. Mills",
      title =        "{NTP Clock Discipline Modelling and Analysis [online]}",
      year =         "2005 [cit.~2012-02-02]",
      howpublished = "{\url{http://www.eecis.udel.edu/~mills/database/brief/algor/algor.pdf}}",
    }

	@ARTICLE{ntp-algor-article,
	  author =       "D. Mills",
	  title =        "{Improved Algorithms for Synchronizing Computer Network Clocks}",
	  year =         "1994",
	}
   
	@MISC{ntp-arch,
      author =       "D. Mills",
      title =        "{NTP Architecture, Protocol and Algorithms [online]}",
      year =         "2007 [cit.~2012-02-03]",
      howpublished = "{\url{http://www.eecis.udel.edu/~mills/database/brief/arch/arch.pdf}}",
    }

	@ARTICLE{ntp-history,
      author =       "D. Mills",
      title =        "{A Brief History of NTP Time: Confessions of an Internet Timekeeper [online]}",
      year =         "2003",
      howpublished = "{\url{http://www.eecis.udel.edu/~mills/database/papers/history.pdf}}",
    }

    @MISC{cnn-earth,
      author =       "Dave Gilbert",
      title =        "{Is time running out for the leap second? [online]}",
      year =         "2012 [cit.~2012-02-01]",
      howpublished = "{\url{http://articles.cnn.com/2012-01-19/world/world_europe_leap-seconds_1_atomic-clocks-leap-seconds-universal-time-or-utc}}",
    }

	@MISC{bipm-utc,
	  author =       "International Bureau of Weights and Measures",
      title =        "{Coordinated Universal Time [online]}",
      year =         "2011 [cit.~2012-02-01]",
      howpublished = "{\url{http://www.bipm.org/en/scientific/tai/time_server.html}}",
    }
    
% ITU
    %http://www.itu.int/rec/R-REC-TF.460-6-200202-I/en
    %http://www.itu.int/dms_pubrec/itu-r/rec/tf/R-REC-TF.460-6-200202-I!!PDF-E.pdf

% Radio

	@MISC{ieee-802.15.4,
      author =       "IEEE Computer Society",
      title =        "{IEEE Std 802.15.4-2006,
	                 IEEE Standard for Information technology - Telecommunications and information exchange between systems -
                     Local and metropolitan area networks - Specific requirements
                     Part 15.4: Wireless Medium Access Control (MAC) and Physical Layer (PHY)
                     Specifications for Low-Rate Wireless
                     Personal Area Networks (WPANs) [online]}",
      year =         "2006 [cit.~2012-01-27]",
      howpublished = "{\url{http://standards.ieee.org/getieee802/download/802.15.4-2006.pdf}}",
    }
    
	@MISC{6lowpan,
      author =      "Carsten Bormann",
      title =       "Getting Started with IPv6 in Low-Power Wireless Personal Area Networks (6LoWPAN) [online]",
      year =        "2011 [cit.~2012-04-29]",
      howpublished = "{\url{http://www.iab.org/wp-content/IAB-uploads/2011/04/Bormann1.pdf}}",
	}
	
	@MISC{rfc4944,
      author =       "G. Montenegro and N. Kushalnagar and J. Hui and D. Culler",
      title =        "{RFC 4944: Transmission of IPv6 Packets over IEEE 802.15.4 Networks [online]}",
      year =         "2007 [cit.~2012-04-29]",
      howpublished = "{\url{http://www.rfc-editor.org/rfc/rfc4944.txt}}",
    }
    
% Hardware

	@MISC{ibm-linux-system-calls,
      author =       "Tim Jones",
      title =        "{Kernel command using Linux system call [online]}",
      year =         "2010 [cit.~2012-04-24]",
      howpublished = "{\url{http://www.ibm.com/developerworks/linux/library/l-system-calls/}}",
    }
    
% Implementation

	@BOOK{c99,
      author =       "British Standards Institute",
      title =        "{The C Standard: Incorporating Technical Corrigendum 1}",
      publisher =    "John Wiley \& Sons Publishers",
      year =         "2002",
      note =         "ISBN~978-0-47-084573-8",
      note =         "Contains ISO/IEC 9899:1999:TC1 and Rationale",
    }

	@MISC{avr-instruction-set,
      author =       "Atmel Corporation",
      title =        "{AVR Instruction Set manual [online]}",
      year =         "2010 [cit.~2012-05-14]",
      howpublished = "{\url{www.atmel.com/Images/doc0856.pdf}}",
    }

	@MISC{avr-datasheet,
      author =       "Atmel Corporation",
      title =        "{Datasheet ATmega164A/PA/324A/PA/644A/PA/1284/P Complete [online]}",
      year =         "2011 [cit.~2012-05-15]",
      howpublished = "{\url{www.atmel.com/Images/doc8272.pdf}}",
    } 
